@article{DBLP:journals/ijrr/KretzschmarSSB16,
  author    = {Henrik Kretzschmar and
               Markus Spies and
               Christoph Sprunk and
               Wolfram Burgard},
  title     = {Socially compliant mobile robot navigation via inverse reinforcement
               learning},
  journal   = {I. J. Robotics Res.},
  %volume    = {35},
  %number    = {11},
  %pages     = {1289--1307},
  year      = {2016},
  timestamp = {Thu, 18 May 2017 09:54:59 +0200},
  biburl    = {https://dblp.org/rec/bib/journals/ijrr/KretzschmarSSB16},
  bibsource = {dblp computer science bibliography, https://dblp.org},
}
@inproceedings{DBLP:conf/icml/ZiebartBD10,
  author    = {Brian D. Ziebart and
               J. Andrew Bagnell and
               Anind K. Dey},
  title     = {Modeling Interaction via the Principle of Maximum Causal Entropy},
  booktitle = {ICML},
  %pages     = {1255--1262},
  year      = {2010},
  %crossref  = {DBLP:conf/icml/2010},
  timestamp = {Fri, 12 Jun 2015 19:15:11 +0200},
  biburl    = {https://dblp.org/rec/bib/conf/icml/ZiebartBD10},
  bibsource = {dblp computer science bibliography, https://dblp.org}
}
@inproceedings{DBLP:conf/icml/RezendeM15,
  author    = {Danilo J. Rezende and
               Shakir Mohamed},
  title     = {Variational Inference with Normalizing Flows},
  booktitle = {ICML},
  year      = {2015}
}
@InProceedings{pmlr-v28-wilson13,
  title = 	 {Gaussian Process Kernels for Pattern Discovery and Extrapolation},
  author = 	 {Andrew Wilson and Ryan Adams},
  booktitle = 	 {ICML},
  year = 	 {2013}
}